%% This BibTeX bibliography file was created using BibDesk.
%% http://bibdesk.sourceforge.net/

%% Created for pigeon at 2015-08-26 16:26:01 +0200 


%% Saved with string encoding Unicode (UTF-8) 



@book{Motivation,
	Address = {D{\"u}sseldorf},
	Author = {Joseph Ledoux},
	Date-Added = {2015-08-26 14:21:58 +0000},
	Date-Modified = {2015-08-26 14:25:58 +0000},
	Edition = {Walter, 2003},
	Isbn = {978-3423342797},
	Publisher = {Patmos-Verlag der Schwabenverlag AG},
	Title = {Das Netz der Pers{\"o}nlichkeit},
	Year = {August 2003}}

@article{BehaviorModel,
	Author = {BJ Fogg },
	Date-Added = {2015-08-25 13:12:41 +0000},
	Date-Modified = {2015-08-25 13:25:30 +0000},
	Journal = {Proceedings of the 4th International Conference on Persuasive Technology},
	Number = {40 },
	Publisher = {ACM Press},
	Title = {A behavior model for persuasive design},
	Volume = {40},
	Year = {2009}}

@article{SittingIsSmoking,
	Author = {Nilofer Merchant},
	Date-Added = {2015-08-25 12:54:43 +0000},
	Date-Modified = {2015-08-25 12:56:40 +0000},
	Journal = {Harvard Business Review},
	Title = {{S}itting {I}s the {S}moking of {O}ur {G}eneration},
	Year = {JANUARY 14, 2013}}

@article{MobileExergaming,
	Address = {New York, NY, USA},
	Author = {Carlos Garcia Wylie and Paul Coulton},
	Date-Added = {2015-08-25 12:19:52 +0000},
	Date-Modified = {2015-08-25 12:51:26 +0000},
	Journal = {Proceedings of the 2008 International Conference on Advances in Computer Entertainment Technology},
	Pages = {338-341},
	Publisher = {ACM Press},
	Title = {{M}obile {e}xergming},
	Year = {2008}}

@conference{MobileExergames,
	Address = {Portland, OR},
	Author = {Buddharaju, Pradeep and Naga Siva Chandra Prasad Pamidi},
	Booktitle = {Computer Vision and Pattern Recognition Workshops (CVPRW), 2013 IEEE Conference on},
	Date-Added = {2015-08-24 20:58:26 +0000},
	Date-Modified = {2015-08-24 21:04:48 +0000},
	Doi = {10.1109/CVPRW.2013.13},
	Month = {23-28 June },
	Pages = {50 - 51},
	Publisher = {IEEE},
	Title = {Mobile Exergames - Burn Calories While Playing Games on a Smartphone},
	Year = {2013}}

@conference{Considerations,
	Address = {New York, NY, USA},
	Author = {Jeff Sinclair and Philip Hingston and Martin Masek},
	Booktitle = {Proceedings of the 5th international conference on Computer graphics and interactive techniques in Australia and Southeast Asia},
	Date-Added = {2015-08-24 20:09:04 +0000},
	Date-Modified = {2015-08-24 20:48:24 +0000},
	Isbn = {978-1-59593-912-8},
	Journal = {GRAPHITE '07 Proceedings of the 5th international conference on Computer graphics and interactive techniques in Australia and Southeast Asia},
	Pages = {289-295},
	Publisher = {ACM Press},
	Rating = {0},
	Read = {0},
	Title = {{C}onsiderations for the {D}esign of {E}xergames},
	Year = {2007}}
